<?xml version="1.0" encoding="UTF-8"?><collection xmlns="http://www.loc.gov/MARC21/slim"><record><leader>00565nam--2200181-i-4500</leader><controlfield tag="001">000014947</controlfield><controlfield tag="002">20161230</controlfield><controlfield tag="005">20161230201031</controlfield><controlfield tag="008">060222s1000------------r-----000-0-fre-d</controlfield><datafield ind1=" " ind2=" " tag="040"><subfield code="a">IFIN-HH</subfield></datafield><datafield ind1=" " ind2=" " tag="041"><subfield code="a">fre</subfield></datafield><datafield ind1=" " ind2=" " tag="080"><subfield code="a">537.563.2(043)</subfield></datafield><datafield ind1="1" ind2=" " tag="100"><subfield code="a">Gelebart, Francois</subfield></datafield><datafield ind1="1" ind2="0" tag="245"><subfield code="a">Contribution a l'etude experimentale de l'automatisation de gaz rares par impacts d'electrons de basse energie</subfield><subfield code="b">These</subfield><subfield code="c">Francois gelebart</subfield></datafield><datafield ind1=" " ind2=" " tag="260"><subfield code="a">Brest</subfield><subfield code="b">Universite De Bretagne Occidentale</subfield><subfield code="c">1975</subfield></datafield><datafield ind1=" " ind2=" " tag="300"><subfield code="a">173P</subfield></datafield><datafield ind1=" " ind2=" " tag="852"><subfield code="a">44001</subfield><subfield code="c">537.52</subfield></datafield><datafield ind1=" " ind2=" " tag="CAT"><subfield code="a">Sys</subfield><subfield code="c">20110804</subfield><subfield code="h">111452</subfield></datafield></record></collection>